% !TEX encoding = UTF-8

@book{testBuch1,
	author = {Maximilian Knopf},
	title = {Testbuch für die Literaturverzeichniserstellung},
	date = {2022-04},
}

@online{urlId,
	title = {Beispielwebseite},
	url = {https://example.com/subcontroller/page.xhtml?query=parameter},
	urldate = {2022-04-27},
}

@online{urlIdParisKlimaabkommen,
	title = {Pariser Klimaabkommen},
	url = {https://www.bmz.de/de/service/lexikon/klimaabkommen-von-paris-14602},
	urldate = {2025-03-04}
}

@online{urlIdUmwelteinflussLithiumBatterien,
	title = {Umwelteinfluss von Lithium-Ionen-Batterine},
	url = {https://www.sciencedirect.com/science/article/pii/S0378775325005397#bib9},
	urldate = {2025-04-29}
}

@online{urlIdBatterieAlterungTemperatur,
	title = {Batteriealterung von LIB bei unterschiedlichen Temperaturen},
	url = {https://www.sciencedirect.com/science/article/pii/S0378775325010031},
	urldate = {2025-04-29}
}

@online{urlIdBatterieAlterungFestkörperBatterien,
	title = {Batteriealterung von Festkörperbatterien},
	url = {https://www.sciencedirect.com/science/article/pii/S0378775324017828},
	urldate = {2025-04-29}
}

@online{urlIdBatterieAlterungLithiumBatterien,
	title = {Batteriealterung von Lithiumbatterien},
	url = {https://www.sciencedirect.com/science/article/pii/S0378775324014058},
	urldate = {2025-04-29}
}

@online{urlIdBatterieAlterungVerschiedenerLithiumBatterien,
	title = {Batteriealterung von verschiedenen Lithiumbatterien bei niedrigen Temperaturen},
	url = {https://www.sciencedirect.com/science/article/pii/S2095495625001925},
	urldate = {2025-04-29}
}


@online{urlIdBatterieAlterungVerschiedenerSoCLithiumBatterien,
	title = {Batteriealterung von verschiedenen Lithiumbatterien bei verschiedenen SoC},
	url = {https://iopscience.iop.org/article/10.1149/2.0411609jes/pdf?utm_source=sciencedirect_contenthosting&getft_integrator=sciencedirect_contenthosting},
	urldate = {2025-05-01}
}


@online{urlIdChinaAAM,
	title = {China Association of Automobile Manufacturers},
	url = {http://en.caam.org.cn/Index/show/catid/52/id/1621.html},
	urldate = {2025-03-04}
}

@online{urlIdEuropeanAMA,
	title = {European Automobile Manufacturers Association},
	url = {https://www.acea.auto/figure/fuel-types-of-new-passenger-cars-in-eu/},
	urldate = {2025-03-04}
}

@online{urlIdBatterieAlterungAbhängigkeit,
	title = {Individuelle Batteriealterung},
	url = {https://www.nature.com/articles/s41467-022-32422-w},
	urldate = {2025-03-04}
}

@online{idEigeneFlottenDaten,
	title = {Eigene Daten aus den Flotten}
}

@online{urlIdDifferentAgingMethodsForLIBs,
	title = {Vorhersage der Batteriealterung mit verschiedenen Methoden},
	url = {https://www.sciencedirect.com/science/article/pii/S2352152X25013830#bb0160},
	urldate = {2025-05-01}
}

@online{urlIdPhysicalAgingMethodsForLIBs,
	title = {Vorhersage der Batteriealterung mit physikalischen Modellen},
	url = {https://www.sciencedirect.com/science/article/pii/S0378775324010280},
	urldate = {2025-05-01}
}

@online{urlIdDataAgingMethodsForLIBs,
	title = {Vorhersage der Batteriealterung mit datengetriebenen Modellen},
	url = {https://www.sciencedirect.com/science/article/pii/S2352152X24042828#t0005},
	urldate = {2025-05-01}
}

@online{urlIdSoCSoHDependencyLIBs,
	title = {Abhängigkeit SoC von SoH und andersherum},
	url = {https://www.sciencedirect.com/science/article/pii/S0306261917307432},
	urldate = {2025-05-01}
}

@online{urlIdAufbauBatterie,
	title = {Bestandteile einer Batterie},
	url = {https://www.sciencedirect.com/science/article/pii/S0306261922006596},
	urldate = {2025-05-01}
}

@article{articleAlterungLithiumBatterien,
title = {Degradation diagnostics for lithium ion cells},
journal = {Journal of Power Sources},
volume = {341},
pages = {373-386},
year = {2017},
issn = {0378-7753},
doi = {https://doi.org/10.1016/j.jpowsour.2016.12.011},
url = {https://www.sciencedirect.com/science/article/pii/S0378775316316998},
author = {Christoph R. Birkl and Matthew R. Roberts and Euan McTurk and Peter G. Bruce and David A. Howey},
keywords = {Lithium ion, Degradation, State of health, Diagnostic, Open circuit voltage, Battery management system},
abstract = {Degradation in lithium ion (Li-ion) battery cells is the result of a complex interplay of a host of different physical and chemical mechanisms. The measurable, physical effects of these degradation mechanisms on the cell can be summarised in terms of three degradation modes, namely loss of lithium inventory, loss of active positive electrode material and loss of active negative electrode material. The different degradation modes are assumed to have unique and measurable effects on the open circuit voltage (OCV) of Li-ion cells and electrodes. The presumptive nature and extent of these effects has so far been based on logical arguments rather than experimental proof. This work presents, for the first time, experimental evidence supporting the widely reported degradation modes by means of tests conducted on coin cells, engineered to include different, known amounts of lithium inventory and active electrode material. Moreover, the general theory behind the effects of degradation modes on the OCV of cells and electrodes is refined and a diagnostic algorithm is devised, which allows the identification and quantification of the nature and extent of each degradation mode in Li-ion cells at any point in their service lives, by fitting the cells' OCV.}
}

@article{articlePouchZellenAlterung,
title = {Model development for predicting irreversible swelling of aged lithium iron phosphate/graphite pouch cells under different pressures and temperatures},
journal = {Journal of Power Sources},
volume = {641},
pages = {236884},
year = {2025},
issn = {0378-7753},
doi = {https://doi.org/10.1016/j.jpowsour.2025.236884},
url = {https://www.sciencedirect.com/science/article/pii/S0378775325007207},
author = {Zhice Niu and Zhiwei Sun and Shan Zhang and Yong Xia},
keywords = {Lithium-ion battery, Irreversible swelling, Battery aging, Predictive model},
abstract = {It's crucial to understand and predict the swelling behavior of Lithium-ion batteries (LIBs) during cycling with normal charging/discharging rates and certain mechanical constraints. Lithium iron phosphate (LFP)/graphite pouch cells are subjected to pressure of varying magnitudes with flexible and rigid constraints. Long-term cycling tests are conducted at 25 °C and 45 °C, and the irreversible swelling displacement and force of the cells are measured. A model is established to estimate irreversible force and displacement under long-term cycling conditions. Additionally, stack compression tests are performed on jellyrolls cut off from prismatic cells with different state of health (SOH) to support model development. The results of compression tests indicate right shift in stress-strain curve of jellyrolls due to aging effects. The swelling results reveals a linear correlation between swelling force/displacement and SOH, as well as the influence of constraint strength and temperature on battery capacity degradation. The predictive performance of the model was verified by a credible root mean square error (RMSE) between model-predicted swelling force/displacement and experimental data. This study not only enhances understanding of swelling behavior throughout the lifespan of a battery cell, but also contributes to the reliable quantitative prediction of irreversible swelling behavior.}
}